%YAML 1.1
%TAG !u! tag:unity3d.com,2011:
--- !u!1 &8546879063575911046
GameObject:
  m_ObjectHideFlags: 0
  m_CorrespondingSourceObject: {fileID: 0}
  m_PrefabInstance: {fileID: 0}
  m_PrefabAsset: {fileID: 0}
  serializedVersion: 6
  m_Component:
  - component: {fileID: 6352759172106130632}
  m_Layer: 0
  m_Name: points
  m_TagString: Untagged
  m_Icon: {fileID: 0}
  m_NavMeshLayer: 0
  m_StaticEditorFlags: 0
  m_IsActive: 1
--- !u!4 &6352759172106130632
Transform:
  m_ObjectHideFlags: 0
  m_CorrespondingSourceObject: {fileID: 0}
  m_PrefabInstance: {fileID: 0}
  m_PrefabAsset: {fileID: 0}
  m_GameObject: {fileID: 8546879063575911046}
  m_LocalRotation: {x: 0, y: 0, z: 0, w: 1}
  m_LocalPosition: {x: 0, y: 0, z: 0}
  m_LocalScale: {x: 1, y: 1, z: 1}
  m_Children: []
  m_Father: {fileID: 5225088422899773519}
  m_RootOrder: 1
  m_LocalEulerAnglesHint: {x: 0, y: 0, z: 0}
--- !u!1 &8830262864343755960
GameObject:
  m_ObjectHideFlags: 0
  m_CorrespondingSourceObject: {fileID: 0}
  m_PrefabInstance: {fileID: 0}
  m_PrefabAsset: {fileID: 0}
  serializedVersion: 6
  m_Component:
  - component: {fileID: 5225088422899773519}
  - component: {fileID: 572785007925047556}
  m_Layer: 0
  m_Name: Enemy_2089_4Shot
  m_TagString: Untagged
  m_Icon: {fileID: 0}
  m_NavMeshLayer: 0
  m_StaticEditorFlags: 0
  m_IsActive: 1
--- !u!4 &5225088422899773519
Transform:
  m_ObjectHideFlags: 0
  m_CorrespondingSourceObject: {fileID: 0}
  m_PrefabInstance: {fileID: 0}
  m_PrefabAsset: {fileID: 0}
  m_GameObject: {fileID: 8830262864343755960}
  m_LocalRotation: {x: 0, y: 0, z: 0, w: 1}
  m_LocalPosition: {x: 0, y: 0, z: 0}
  m_LocalScale: {x: 1, y: 1, z: 1}
  m_Children:
  - {fileID: 6266351095001873018}
  - {fileID: 6352759172106130632}
  m_Father: {fileID: 0}
  m_RootOrder: 0
  m_LocalEulerAnglesHint: {x: 0, y: 0, z: 0}
--- !u!114 &572785007925047556
MonoBehaviour:
  m_ObjectHideFlags: 0
  m_CorrespondingSourceObject: {fileID: 0}
  m_PrefabInstance: {fileID: 0}
  m_PrefabAsset: {fileID: 0}
  m_GameObject: {fileID: 8830262864343755960}
  m_Enabled: 1
  m_EditorHideFlags: 0
  m_Script: {fileID: 11500000, guid: 36c1850843cb6e7458c91e34072df6af, type: 3}
  m_Name: 
  m_EditorClassIdentifier: 
  animator: {fileID: 6317163306280187032}
  currentAnim: {fileID: 0}
  activeAnimation: {fileID: 0}
  animTime: 0
  nextActionBuffer: 0
  isAiming: 0
  currentRoot: {x: 0, y: 0, z: 0}
  enemyObject: {fileID: 6268161477417112343}
  movePoints: []
  facing: 0
  playingAnimation: 0
  animationName: YMCA
  enemyMat: {fileID: 2100000, guid: ed14758574c474d468b59773a9ae91fd, type: 2}
  detailMat: {fileID: 2100000, guid: 7de005a90580e4345afac1d8aec8f06b, type: 2}
  gunMat: {fileID: 2100000, guid: 8f530b7f24246d04898486ccd862374e, type: 2}
  clip: {fileID: 0}
  getAnimator: 0
--- !u!1001 &6267055305610104875
PrefabInstance:
  m_ObjectHideFlags: 0
  serializedVersion: 2
  m_Modification:
    m_TransformParent: {fileID: 5225088422899773519}
    m_Modifications:
    - target: {fileID: 1678128793649980, guid: b75bbc06775879d4282e8ad98753f195, type: 3}
      propertyPath: m_Name
      value: Enemy_2089_4Shot
      objectReference: {fileID: 0}
    - target: {fileID: 4363439038884433, guid: b75bbc06775879d4282e8ad98753f195, type: 3}
      propertyPath: m_LocalPosition.x
      value: 0
      objectReference: {fileID: 0}
    - target: {fileID: 4363439038884433, guid: b75bbc06775879d4282e8ad98753f195, type: 3}
      propertyPath: m_LocalPosition.y
      value: 0
      objectReference: {fileID: 0}
    - target: {fileID: 4363439038884433, guid: b75bbc06775879d4282e8ad98753f195, type: 3}
      propertyPath: m_LocalPosition.z
      value: 0
      objectReference: {fileID: 0}
    - target: {fileID: 4363439038884433, guid: b75bbc06775879d4282e8ad98753f195, type: 3}
      propertyPath: m_LocalRotation.x
      value: 0
      objectReference: {fileID: 0}
    - target: {fileID: 4363439038884433, guid: b75bbc06775879d4282e8ad98753f195, type: 3}
      propertyPath: m_LocalRotation.y
      value: 0
      objectReference: {fileID: 0}
    - target: {fileID: 4363439038884433, guid: b75bbc06775879d4282e8ad98753f195, type: 3}
      propertyPath: m_LocalRotation.z
      value: 0
      objectReference: {fileID: 0}
    - target: {fileID: 4363439038884433, guid: b75bbc06775879d4282e8ad98753f195, type: 3}
      propertyPath: m_LocalRotation.w
      value: 1
      objectReference: {fileID: 0}
    - target: {fileID: 4363439038884433, guid: b75bbc06775879d4282e8ad98753f195, type: 3}
      propertyPath: m_RootOrder
      value: 0
      objectReference: {fileID: 0}
    - target: {fileID: 4363439038884433, guid: b75bbc06775879d4282e8ad98753f195, type: 3}
      propertyPath: m_LocalEulerAnglesHint.x
      value: 0
      objectReference: {fileID: 0}
    - target: {fileID: 4363439038884433, guid: b75bbc06775879d4282e8ad98753f195, type: 3}
      propertyPath: m_LocalEulerAnglesHint.y
      value: 0
      objectReference: {fileID: 0}
    - target: {fileID: 4363439038884433, guid: b75bbc06775879d4282e8ad98753f195, type: 3}
      propertyPath: m_LocalEulerAnglesHint.z
      value: 0
      objectReference: {fileID: 0}
    m_RemovedComponents:
    - {fileID: 1972181159707909656, guid: b75bbc06775879d4282e8ad98753f195, type: 3}
  m_SourcePrefab: {fileID: 100100000, guid: b75bbc06775879d4282e8ad98753f195, type: 3}
--- !u!1 &6268161477417112343 stripped
GameObject:
  m_CorrespondingSourceObject: {fileID: 1678128793649980, guid: b75bbc06775879d4282e8ad98753f195,
    type: 3}
  m_PrefabInstance: {fileID: 6267055305610104875}
  m_PrefabAsset: {fileID: 0}
--- !u!4 &6266351095001873018 stripped
Transform:
  m_CorrespondingSourceObject: {fileID: 4363439038884433, guid: b75bbc06775879d4282e8ad98753f195,
    type: 3}
  m_PrefabInstance: {fileID: 6267055305610104875}
  m_PrefabAsset: {fileID: 0}
--- !u!95 &6317163306280187032 stripped
Animator:
  m_CorrespondingSourceObject: {fileID: 95172722357200051, guid: b75bbc06775879d4282e8ad98753f195,
    type: 3}
  m_PrefabInstance: {fileID: 6267055305610104875}
  m_PrefabAsset: {fileID: 0}
